<?xml version="1.0" encoding="utf-8"?>
<record xmlns="http://www.loc.gov/MARC21/slim" xmlns:xsi="http://www.w3.org/2001/XMLSchema-instance" xsi:schemaLocation="http://www.loc.gov/MARC21/slim http://www.loc.gov/standards/marcxml/schema/MARC21slim.xsd">
	<leader>
		03535nam a2200565   4500
	</leader>
	<controlfield tag="001">
		2958187
	</controlfield>
	<controlfield tag="003">
		NNC
	</controlfield>
	<controlfield tag="006">
		m        d        
	</controlfield>
	<controlfield tag="007">
		cr cn |||m|||a
	</controlfield>
	<controlfield tag="008">
		151007s1968    iq      o     000 0 arar 
	</controlfield>
	<datafield ind1=" " ind2=" " tag="040">
		<subfield code="a">
			NNU
		</subfield>
		<subfield code="b">
			eng
		</subfield>
		<subfield code="e">
			rda
		</subfield>
		<subfield code="c">
			NNU
		</subfield>
	</datafield>
	<datafield ind1=" " ind2="4" tag="050">
		<subfield code="a">
			BP135.A2
		</subfield>
		<subfield code="b">
			J243562 1968
		</subfield>
	</datafield>
	<datafield ind1="1" ind2=" " tag="100">
		<subfield code="6">
			880-01
		</subfield>
		<subfield code="a">
			Ibn Daqīq al-ʻĪd, Muḥammad ibn ʻAlī,
		</subfield>
		<subfield code="d">
			1228-1302.
		</subfield>
	</datafield>
	<datafield ind1="1" ind2="3" tag="245">
		<subfield code="6">
			880-02
		</subfield>
		<subfield code="a">
			al-Muntaqá min Iḥkām al-aḥkām :
		</subfield>
		<subfield code="b">
			 sharḥ ʻUmdat al-aḥkām /
		</subfield>
		<subfield code="c">
			li-Ibn Daqīq al-ʻĪd.
		</subfield>
	</datafield>
	<datafield ind1=" " ind2=" " tag="250">
		<subfield code="6">
			880-03
		</subfield>
		<subfield code="a">
			al-Ṭabʻah 1.
		</subfield>
	</datafield>
	<datafield ind1=" " ind2=" " tag="260">
		<subfield code="6">
			880-04
		</subfield>
		<subfield code="a">
			Baghdād :
		</subfield>
		<subfield code="b">
			Dār al-Nadhīr lil-Ṭibāʻah wa-al-Nashr,
		</subfield>
		<subfield code="c">
			1968.
		</subfield>
	</datafield>
	<datafield ind1=" " ind2=" " tag="300">
		<subfield code="a">
			online resource (250 pages)
		</subfield>
	</datafield>
	<datafield ind1=" " ind2=" " tag="336">
		<subfield code="a">
			text
		</subfield>
		<subfield code="2">
			rdacontent
		</subfield>
	</datafield>
	<datafield ind1=" " ind2=" " tag="337">
		<subfield code="a">
			computer
		</subfield>
		<subfield code="2">
			rdamedia
		</subfield>
	</datafield>
	<datafield ind1=" " ind2=" " tag="338">
		<subfield code="a">
			online resource
		</subfield>
		<subfield code="2">
			rdacarrier
		</subfield>
	</datafield>
	<datafield ind1="1" ind2=" " tag="490">
		<subfield code="6">
			880-05
		</subfield>
		<subfield code="a">
			Maṭbūʻāt Kullīyat al-Dirāsāt al-Islāmīyah
		</subfield>
	</datafield>
	<datafield ind1=" " ind2=" " tag="500">
		<subfield code="a">
			An abridgment of ʻImād al-Dīn ibn al-Athīr's Aḥkām al-aḥkām, itself a commentary on al-Jammāʻīlī's ʻUmdat al-Aḥkām ʻan Sayyid al-anām.
		</subfield>
	</datafield>
	<datafield ind1=" " ind2=" " tag="500">
		<subfield code="a">
			Part of the Arabic Collections Online (ACO) project, contributed by Columbia University Libraries.
		</subfield>
	</datafield>
	<datafield ind1=" " ind2=" " tag="533">
		<subfield code="a">
			Electronic reproduction.
		</subfield>
		<subfield code="b">
			New York, N.Y. :
		</subfield>
		<subfield code="c">
			New York University,
		</subfield>
		<subfield code="d">
			2015.
		</subfield>
		<subfield code="5">
			NNU
		</subfield>
	</datafield>
	<datafield ind1="1" ind2="0" tag="600">
		<subfield code="6">
			880-06
		</subfield>
		<subfield code="a">
			Jammāʻīlī, ʻAbd al-Ghanī ibn ʻAbd al-Wāḥid,
		</subfield>
		<subfield code="d">
			1146-1203.
		</subfield>
		<subfield code="t">
			ʻUmdat al-aḥkām.
		</subfield>
	</datafield>
	<datafield ind1=" " ind2="0" tag="650">
		<subfield code="a">
			Islam
		</subfield>
		<subfield code="x">
			Customs and practices
		</subfield>
		<subfield code="v">
			Early works to 1800.
		</subfield>
	</datafield>
	<datafield ind1=" " ind2="0" tag="650">
		<subfield code="a">
			Hadith
		</subfield>
		<subfield code="x">
			Criticism, interpretation, etc.
		</subfield>
		<subfield code="v">
			Early works to 1800.
		</subfield>
	</datafield>
	<datafield ind1="0" ind2="7" tag="630">
		<subfield code="a">
			ʻUmdat al-aḥkām (Jammāʻīlī, ʻAbd al-Ghanī ibn ʻAbd al-Wāḥid)
		</subfield>
		<subfield code="2">
			fast
		</subfield>
		<subfield code="0">
			(OCoLC)fst01369686
		</subfield>
	</datafield>
	<datafield ind1=" " ind2="7" tag="650">
		<subfield code="a">
			Hadith.
		</subfield>
		<subfield code="2">
			fast
		</subfield>
		<subfield code="0">
			(OCoLC)fst00950112
		</subfield>
	</datafield>
	<datafield ind1=" " ind2="7" tag="650">
		<subfield code="a">
			Islam
		</subfield>
		<subfield code="x">
			Customs and practices.
		</subfield>
		<subfield code="2">
			fast
		</subfield>
		<subfield code="0">
			(OCoLC)fst00979785
		</subfield>
	</datafield>
	<datafield ind1=" " ind2="7" tag="655">
		<subfield code="a">
			Criticism, interpretation, etc.
		</subfield>
		<subfield code="2">
			fast
		</subfield>
		<subfield code="0">
			(OCoLC)fst01411635
		</subfield>
	</datafield>
	<datafield ind1=" " ind2="7" tag="655">
		<subfield code="a">
			Early works.
		</subfield>
		<subfield code="2">
			fast
		</subfield>
		<subfield code="0">
			(OCoLC)fst01411636
		</subfield>
	</datafield>
	<datafield ind1="1" ind2=" " tag="700">
		<subfield code="6">
			880-07
		</subfield>
		<subfield code="a">
			Ibn al-Athīr, Ismāʻīl ibn Aḥmad,
		</subfield>
		<subfield code="d">
			1254-1299.
		</subfield>
		<subfield code="t">
			Iḥkām al-aḥkām.
		</subfield>
	</datafield>
	<datafield ind1="1" ind2=" " tag="700">
		<subfield code="6">
			880-08
		</subfield>
		<subfield code="a">
			Jammāʻīlī, ʻAbd al-Ghanī ibn ʻAbd al-Wāḥid,
		</subfield>
		<subfield code="d">
			1146-1203.
		</subfield>
		<subfield code="t">
			ʻUmdat al-aḥkām.
		</subfield>
	</datafield>
	<datafield ind1="2" ind2=" " tag="710">
		<subfield code="a">
			Columbia University.
		</subfield>
		<subfield code="b">
			Libraries.
		</subfield>
	</datafield>
	<datafield ind1="0" ind2=" " tag="730">
		<subfield code="a">
			Arabic Collections Online.
		</subfield>
	</datafield>
	<datafield ind1="0" ind2="8" tag="776">
		<subfield code="i">
			Print version:
		</subfield>
		<subfield code="a">
			Ibn Daqīq al-ʻĪd, Muḥammad ibn ʻAlī, 1228-1302.
		</subfield>
		<subfield code="t">
			al-Muntaqá min Iḥkām al-aḥkām
		</subfield>
		<subfield code="w">
			(NNC)2958187
		</subfield>
		<subfield code="w">
			(DLC)   70251798 
		</subfield>
		<subfield code="w">
			(OCoLC)8914946
		</subfield>
	</datafield>
	<datafield ind1=" " ind2="0" tag="830">
		<subfield code="6">
			880-09
		</subfield>
		<subfield code="a">
			Maṭbūʻāt Kullīyat al-Dirāsāt al-Islāmīyah.
		</subfield>
	</datafield>
	<datafield ind1="4" ind2="0" tag="856">
		<subfield code="u">
			http://hdl.handle.net/2333.1/vt4b8kgk
		</subfield>
	</datafield>
	<datafield ind1="1" ind2=" " tag="880">
		<subfield code="6">
			100-01/r
		</subfield>
		<subfield code="a">
			ابن دقيق العيد، محمد بن علي،
		</subfield>
		<subfield code="d">
			1228-1302.
		</subfield>
	</datafield>
	<datafield ind1="1" ind2="2" tag="880">
		<subfield code="6">
			245-02/r
		</subfield>
		<subfield code="a">
			المنتقى من احكام الاحكام :
		</subfield>
		<subfield code="b">
			 شرح عمدة الاحكام /
		</subfield>
		<subfield code="c">
			لاابن دقيق العيد.
		</subfield>
	</datafield>
	<datafield ind1=" " ind2=" " tag="880">
		<subfield code="6">
			250-03/r
		</subfield>
		<subfield code="a">
			الطبعة 1.
		</subfield>
	</datafield>
	<datafield ind1=" " ind2=" " tag="880">
		<subfield code="6">
			260-04/r
		</subfield>
		<subfield code="a">
			بغداد :
		</subfield>
		<subfield code="b">
			دار النذير للطباعة والنشر،
		</subfield>
		<subfield code="c">
			1968.
		</subfield>
	</datafield>
	<datafield ind1="1" ind2=" " tag="880">
		<subfield code="6">
			490-05/r
		</subfield>
		<subfield code="a">
			مطبوعات كلية الدراسات الإسلامية
		</subfield>
	</datafield>
	<datafield ind1="1" ind2="4" tag="880">
		<subfield code="6">
			600-06/r
		</subfield>
		<subfield code="a">
			جماعيلي، عبد الغني بن عبد الواحد،,
		</subfield>
		<subfield code="d">
			11461203.
		</subfield>
		<subfield code="t">
			عمدة الاحكام.
		</subfield>
	</datafield>
	<datafield ind1="1" ind2=" " tag="880">
		<subfield code="6">
			700-07/r
		</subfield>
		<subfield code="a">
			ابن الأثير، إسماعيل بن أحمد.
		</subfield>
		<subfield code="t">
			إحكام الأحكام.
		</subfield>
	</datafield>
	<datafield ind1="1" ind2=" " tag="880">
		<subfield code="6">
			700-08/r
		</subfield>
		<subfield code="a">
			جماعيلي، عبد الغني بن عبد الواحد.
		</subfield>
		<subfield code="t">
			عمدة الأحكام.
		</subfield>
	</datafield>
	<datafield ind1=" " ind2="0" tag="880">
		<subfield code="6">
			830-09/r
		</subfield>
		<subfield code="a">
			مطبوعات كلية الدراسات الاسلامية.
		</subfield>
	</datafield>
	<datafield ind1=" " ind2=" " tag="959">
		<subfield code="a">
			NNU
		</subfield>
		<subfield code="b">
			WEB
		</subfield>
		<subfield code="c">
			GENI
		</subfield>
		<subfield code="t">
			0
		</subfield>
		<subfield code="m">
			Electronic access
		</subfield>
		<subfield code="s">
			01
		</subfield>
	</datafield>
	<datafield ind1=" " ind2=" " tag="999">
		<subfield code="i">
			NNC_2958187
		</subfield>
		<subfield code="o">
			(OCoLC)ocm08914946
		</subfield>
		<subfield code="s">
			columbia_aco000813
		</subfield>
		<subfield code="e">
			(ERROR-SERIES)
		</subfield>
		<subfield code="s">
			columbia_aco000813
		</subfield>
	</datafield>
</record>
